@inproceedings{Learned_Index,
 author = {Kraska, Tim and Beutel, Alex and Chi, Ed H. and Dean, Jeffrey and Polyzotis, Neoklis},
 title = {The Case for Learned Index Structures},
 booktitle = {Proceedings of the 2018 International Conference on Management of Data},
 series = {SIGMOD '18},
 year = {2018},
 isbn = {978-1-4503-4703-7},
 location = {Houston, TX, USA},
 pages = {489--504},
 numpages = {16},
 url = {http://doi.acm.org/10.1145/3183713.3196909},
 doi = {10.1145/3183713.3196909},
 acmid = {3196909},
 publisher = {ACM},
 address = {New York, NY, USA},
 keywords = {b-tree, bloom-filter, cdf, hash-map, index structures, learned data structures, learned index, learned index structure, linear regression, mixture of experts, neural net}
} 

@inproceedings{SageDB,
  author    = {Tim Kraska and
               Mohammad Alizadeh and
               Alex Beutel and
               Ed H. Chi and
               Ani Kristo and
               Guillaume Leclerc and
               Samuel Madden and
               Hongzi Mao and
               Vikram Nathan},
  title     = {SageDB: {A} Learned Database System},
  booktitle = {{CIDR} 2019, 9th Biennial Conference on Innovative Data Systems Research,
               Asilomar, CA, USA, January 13-16, 2019, Online Proceedings},
  year      = {2019},
  url       = {http://cidrdb.org/cidr2019/papers/p117-kraska-cidr19.pdf},
  timestamp = {Thu, 17 Jan 2019 16:08:33 +0100},
  biburl    = {https://dblp.org/rec/bib/conf/cidr/KraskaABCKLMMN19},
  bibsource = {dblp computer science bibliography, https://dblp.org}
}

@article{ALEX,
  author    = {Jialin Ding and
               Umar Farooq Minhas and
               Hantian Zhang and
               Yinan Li and
               Chi Wang and
               Badrish Chandramouli and
               Johannes Gehrke and
               Donald Kossmann and
               David B. Lomet},
  title     = {{ALEX:} An Updatable Adaptive Learned Index},
  journal   = {CoRR},
  volume    = {abs/1905.08898},
  year      = {2019},
  url       = {http://arxiv.org/abs/1905.08898},
  archivePrefix = {arXiv},
  eprint    = {1905.08898},
  timestamp = {Wed, 29 May 2019 11:27:50 +0200},
  biburl    = {https://dblp.org/rec/bib/journals/corr/abs-1905-08898},
  bibsource = {dblp computer science bibliography, https://dblp.org}
}

@inproceedings{FITing-Tree,
 author = {Galakatos, Alex and Markovitch, Michael and Binnig, Carsten and Fonseca, Rodrigo and Kraska, Tim},
 title = {FITing-Tree: A Data-aware Index Structure},
 booktitle = {Proceedings of the 2019 International Conference on Management of Data},
 series = {SIGMOD '19},
 year = {2019},
 isbn = {978-1-4503-5643-5},
 location = {Amsterdam, Netherlands},
 pages = {1189--1206},
 numpages = {18},
 url = {http://doi.acm.org/10.1145/3299869.3319860},
 doi = {10.1145/3299869.3319860},
 acmid = {3319860},
 publisher = {ACM},
 address = {New York, NY, USA},
} 

@inproceedings{CDBTune,
 author = {Zhang, Ji and Liu, Yu and Zhou, Ke and Li, Guoliang and Xiao, Zhili and Cheng, Bin and Xing, Jiashu and Wang, Yangtao and Cheng, Tianheng and Liu, Li and Ran, Minwei and Li, Zekang},
 title = {An End-to-End Automatic Cloud Database Tuning System Using Deep Reinforcement Learning},
 booktitle = {Proceedings of the 2019 International Conference on Management of Data},
 series = {SIGMOD '19},
 year = {2019},
 isbn = {978-1-4503-5643-5},
 location = {Amsterdam, Netherlands},
 pages = {415--432},
 numpages = {18},
 url = {http://doi.acm.org/10.1145/3299869.3300085},
 doi = {10.1145/3299869.3300085},
 acmid = {3300085},
 publisher = {ACM},
 address = {New York, NY, USA},
 keywords = {cloud, database tuning, storage},
}

@article{iBTune,
 author = {Tan, Jian and Zhang, Tieying and Li, Feifei and Chen, Jie and Zheng, Qixing and Zhang, Ping and Qiao, Honglin and Shi, Yue and Cao, Wei and Zhang, Rui},
 title = {iBTune: Individualized Buffer Tuning for Large-scale Cloud Databases},
 journal = {Proc. VLDB Endow.},
 issue_date = {June 2019},
 volume = {12},
 number = {10},
 month = jun,
 year = {2019},
 issn = {2150-8097},
 pages = {1221--1234},
 numpages = {14},
 url = {https://doi.org/10.14778/3339490.3339503},
 doi = {10.14778/3339490.3339503},
 acmid = {3355541},
 publisher = {VLDB Endowment},
}

@inproceedings{BB-Tree,
  title={BB-Tree : A main-memory index structure for static multidimensional workloads},
  author={Stefan Sprenger and Ulf Leser},
  year={2018}
}


@inproceedings{CrackingKD-Tree,
 author = {Holanda, Pedro and Nerone, Matheus and Almeida, Eduardo C. de and Manegold, Stefan},
 title = {Cracking KD-Tree: The First Multidimensional Adaptive Indexing (Position Paper)},
 booktitle = {Proceedings of the 7th International Conference on Data Science, Technology and Applications},
 series = {DATA 2018},
 year = {2018},
 isbn = {978-989-758-318-6},
 location = {Porto, Portugal},
 pages = {393--399},
 numpages = {7},
 url = {https://doi.org/10.5220/0006944203930399},
 doi = {10.5220/0006944203930399},
 acmid = {3362648},
 publisher = {SCITEPRESS - Science and Technology Publications, Lda},
 address = {Portugal},
 keywords = {Adaptive Indexing, Database Cracking, KD-Tree., Multidimensional Range Queries},
}

@inproceedings{ModernMDRQ,
 author = {Sprenger, Stefan and Sch{\"a}fer, Patrick and Leser, Ulf},
 title = {Multidimensional Range Queries on Modern Hardware},
 booktitle = {Proceedings of the 30th International Conference on Scientific and Statistical Database Management},
 series = {SSDBM '18},
 year = {2018},
 isbn = {978-1-4503-6505-5},
 location = {Bozen-Bolzano, Italy},
 pages = {4:1--4:12},
 articleno = {4},
 numpages = {12},
 url = {http://doi.acm.org/10.1145/3221269.3223031},
 doi = {10.1145/3221269.3223031},
 acmid = {3223031},
 publisher = {ACM},
 address = {New York, NY, USA},
 keywords = {modern hardware, multidimensional index structures, multidimensional range queries},
} 

@inproceedings{R*-Tree,
 author = {Beckmann, Norbert and Kriegel, Hans-Peter and Schneider, Ralf and Seeger, Bernhard},
 title = {The R*-tree: An Efficient and Robust Access Method for Points and Rectangles},
 booktitle = {Proceedings of the 1990 ACM SIGMOD International Conference on Management of Data},
 series = {SIGMOD '90},
 year = {1990},
 isbn = {0-89791-365-5},
 location = {Atlantic City, New Jersey, USA},
 pages = {322--331},
 numpages = {10},
 url = {http://doi.acm.org.proxy.lib.uwaterloo.ca/10.1145/93597.98741},
 doi = {10.1145/93597.98741},
 acmid = {98741},
 publisher = {ACM},
 address = {New York, NY, USA},
}

@inproceedings{R-Tree,
 author = {Guttman, Antonin},
 title = {R-trees: A Dynamic Index Structure for Spatial Searching},
 booktitle = {Proceedings of the 1984 ACM SIGMOD International Conference on Management of Data},
 series = {SIGMOD '84},
 year = {1984},
 isbn = {0-89791-128-8},
 location = {Boston, Massachusetts},
 pages = {47--57},
 numpages = {11},
 url = {http://doi.acm.org.proxy.lib.uwaterloo.ca/10.1145/602259.602266},
 doi = {10.1145/602259.602266},
 acmid = {602266},
 publisher = {ACM},
 address = {New York, NY, USA},
}

@article{kd-Tree,
 author = {Bentley, Jon Louis},
 title = {Multidimensional Binary Search Trees Used for Associative Searching},
 journal = {Commun. ACM},
 issue_date = {Sept. 1975},
 volume = {18},
 number = {9},
 month = sep,
 year = {1975},
 issn = {0001-0782},
 pages = {509--517},
 numpages = {9},
 url = {http://doi.acm.org.proxy.lib.uwaterloo.ca/10.1145/361002.361007},
 doi = {10.1145/361002.361007},
 acmid = {361007},
 publisher = {ACM},
 address = {New York, NY, USA},
 keywords = {associative retrieval, attribute, binary search trees, binary tree insertion, information retrieval system, intersection queries, key, nearest neighbor queries, partial match queries},
} 

@online{libSpatialIndex,
    author = "Marios Hadjieleftheriou",
    year = "2019",
    title = "libSpatialIndex",
    url = "http://libspatialindex.org"
}
